@book{mbsas,
	author = {Theodoridis, Sergios. and Koutroumbas, Konstantinos.},
	title = {Pattern recognition },
	publisher = {Elsevier,},
	year = {c2009.},
	address = {USA :},
	edition = {4th ed.},
	note = {Includes index.}
}